<record><leader>00000cas a2200000 a 4500</leader><controlfield tag="001">12377845</controlfield><controlfield tag="008">850813d18971898ksuwr ne      0    0eng d</controlfield><datafield ind1=" " ind2=" " tag="010"><subfield code="a">sn 85031744 </subfield></datafield><datafield ind1=" " ind2=" " tag="040"><subfield code="a">KSH</subfield><subfield code="b">eng</subfield><subfield code="c">KSH</subfield><subfield code="d">NPT</subfield><subfield code="d">OCL</subfield><subfield code="d">OCLCQ</subfield></datafield><datafield ind1=" " ind2=" " tag="042"><subfield code="a">msc</subfield></datafield><datafield ind1="0" ind2="4" tag="245"><subfield code="a">The Wheaton courier.</subfield></datafield><datafield ind1=" " ind2=" " tag="260"><subfield code="a">Wheaton, Kan. :</subfield><subfield code="b">Anderson &amp; Shiner,</subfield><subfield code="c">-1898.</subfield></datafield><datafield ind1=" " ind2=" " tag="300"><subfield code="a">v. :</subfield><subfield code="b">ill. (chiefly advertisements) ;</subfield><subfield code="c">49 cm.</subfield></datafield><datafield ind1=" " ind2=" " tag="310"><subfield code="a">Weekly</subfield></datafield><datafield ind1="0" ind2=" " tag="362"><subfield code="a">-v. 1, no. 44 (June 30, 1898).</subfield></datafield><datafield ind1="1" ind2=" " tag="362"><subfield code="a">Began with Dec. 23, 1897 issue?</subfield></datafield><datafield ind1=" " ind2=" " tag="500"><subfield code="a">Published by: Jo M. Shiner, Feb. 10-June 2, 1898; C.A. O'Meara, June 9-30, 1898.</subfield></datafield><datafield ind1=" " ind2=" " tag="588"><subfield code="a">Description based on: Vol. 1, no. 18 (Dec. 30, 1897).</subfield></datafield><datafield ind1=" " ind2=" " tag="752"><subfield code="a">United States</subfield><subfield code="b">Kansas</subfield><subfield code="c">Pottawatomie</subfield><subfield code="d">Wheaton.</subfield></datafield><datafield ind1="0" ind2="0" tag="780"><subfield code="t">Louisville courier (Louisville, Kan.)</subfield><subfield code="w">(DLC)sn 85031676</subfield></datafield><datafield ind1="0" ind2="0" tag="785"><subfield code="t">Onaga courier</subfield><subfield code="w">(DLC)sn 85031708</subfield></datafield><datafield ind1="1" ind2=" " tag="029"><subfield code="a">AU@</subfield><subfield code="b">000020386220</subfield></datafield></record>